@misc{ProjectDebaterAPI,
	title = {Project Debater for Academic Use},
	year = {n.d.},
	url = {https://early-access-program.debater.res.ibm.com/academic_use}}

@article{RRF,
	author = {Gordon. V. Cormack and Charles. L. A. Clarke and Stefan B{\"u}ttcher},
	title = {Reciprocal Rank Fusion outperforms Condorcet and individual Rank Learning Methods},
	year = {2009},
	url = {https://plg.uwaterloo.ca/~gvcormac/cormacksigir09-rrf.pdf}}